REGION;COUNTRY;BRAND;DATE;SALES
EMEA SOUTH;ITALIA;ALFA ROMEO;2015-01;11807
EMEA SOUTH;ITALIA;ALFA ROMEO;2015-02;9818
EMEA SOUTH;ITALIA;ALFA ROMEO;2015-03;17870
EMEA SOUTH;ITALIA;ALFA ROMEO;2015-04;11307
EMEA SOUTH;ITALIA;ALFA ROMEO;2015-05;13881
EMEA SOUTH;ITALIA;ALFA ROMEO;2015-06;13971
EMEA SOUTH;ITALIA;ALFA ROMEO;2015-07;9215
EMEA SOUTH;ITALIA;ALFA ROMEO;2015-08;5648
EMEA SOUTH;ITALIA;ALFA ROMEO;2015-09;9338
EMEA SOUTH;ITALIA;ALFA ROMEO;2015-10;9138
EMEA SOUTH;ITALIA;ALFA ROMEO;2015-11;7893
EMEA SOUTH;ITALIA;ALFA ROMEO;2015-12;7283
EMEA SOUTH;ITALIA;ALFA ROMEO;2016-01;8915
EMEA SOUTH;ITALIA;ALFA ROMEO;2016-02;7309
EMEA SOUTH;ITALIA;ALFA ROMEO;2016-03;10735
EMEA SOUTH;ITALIA;ALFA ROMEO;2016-04;9666
EMEA SOUTH;ITALIA;ALFA ROMEO;2016-05;10159
EMEA SOUTH;ITALIA;ALFA ROMEO;2016-06;9587
EMEA SOUTH;ITALIA;ALFA ROMEO;2016-07;7594
EMEA SOUTH;ITALIA;ALFA ROMEO;2016-08;4232
EMEA SOUTH;ITALIA;ALFA ROMEO;2016-09;7549
EMEA SOUTH;ITALIA;ALFA ROMEO;2016-10;6161
EMEA SOUTH;ITALIA;ALFA ROMEO;2016-11;4983
EMEA SOUTH;ITALIA;ALFA ROMEO;2016-12;4523
EMEA SOUTH;ITALIA;ALFA ROMEO;2017-01;5180
EMEA SOUTH;ITALIA;ALFA ROMEO;2017-02;4923
EMEA SOUTH;ITALIA;ALFA ROMEO;2017-03;8030
EMEA SOUTH;ITALIA;ALFA ROMEO;2017-04;4861
EMEA SOUTH;ITALIA;ALFA ROMEO;2017-05;7651
EMEA SOUTH;ITALIA;ALFA ROMEO;2017-06;5140
EMEA SOUTH;ITALIA;ALFA ROMEO;2017-07;5136
EMEA SOUTH;ITALIA;ALFA ROMEO;2017-08;2765
EMEA SOUTH;ITALIA;ALFA ROMEO;2017-09;6415
EMEA SOUTH;ITALIA;ALFA ROMEO;2017-10;4678
EMEA SOUTH;ITALIA;ALFA ROMEO;2017-11;4885
EMEA SOUTH;ITALIA;ALFA ROMEO;2017-12;3986
EMEA SOUTH;ITALIA;ALFA ROMEO;2018-01;4020
EMEA SOUTH;ITALIA;ALFA ROMEO;2018-02;4791
EMEA SOUTH;ITALIA;ALFA ROMEO;2018-03;7435
EMEA SOUTH;ITALIA;ALFA ROMEO;2018-04;5883
EMEA SOUTH;ITALIA;ALFA ROMEO;2018-05;5799
EMEA SOUTH;ITALIA;ALFA ROMEO;2018-06;4984
EMEA SOUTH;ITALIA;ALFA ROMEO;2018-07;4834
EMEA SOUTH;ITALIA;ALFA ROMEO;2018-08;2435
EMEA SOUTH;ITALIA;ALFA ROMEO;2018-09;5636
EMEA SOUTH;ITALIA;ALFA ROMEO;2018-10;4036
EMEA SOUTH;ITALIA;ALFA ROMEO;2018-11;4415
EMEA SOUTH;ITALIA;ALFA ROMEO;2018-12;4904
EMEA SOUTH;ITALIA;ALFA ROMEO;2019-01;3332
EMEA SOUTH;ITALIA;ALFA ROMEO;2019-02;4425
EMEA SOUTH;ITALIA;ALFA ROMEO;2019-03;5980
EMEA SOUTH;ITALIA;ALFA ROMEO;2019-04;4316
EMEA SOUTH;ITALIA;ALFA ROMEO;2019-05;5842
EMEA SOUTH;ITALIA;ALFA ROMEO;2019-06;5359
EMEA SOUTH;ITALIA;ALFA ROMEO;2019-07;4630
EMEA SOUTH;ITALIA;ALFA ROMEO;2019-08;3147
EMEA SOUTH;ITALIA;ALFA ROMEO;2019-09;5575
EMEA SOUTH;ITALIA;ALFA ROMEO;2019-10;4988
EMEA SOUTH;ITALIA;ALFA ROMEO;2019-11;4020
EMEA SOUTH;ITALIA;ALFA ROMEO;2019-12;3603
EMEA SOUTH;ITALIA;ALFA ROMEO;2020-01;
EMEA SOUTH;ITALIA;ALFA ROMEO;2020-02;
EMEA SOUTH;ITALIA;ALFA ROMEO;2020-03;
EMEA SOUTH;ITALIA;ALFA ROMEO;2020-04;
EMEA SOUTH;ITALIA;ALFA ROMEO;2020-05;
EMEA SOUTH;ITALIA;ALFA ROMEO;2020-06;
EMEA SOUTH;ITALIA;ALFA ROMEO;2020-07;
EMEA SOUTH;ITALIA;ALFA ROMEO;2020-08;
EMEA SOUTH;ITALIA;ALFA ROMEO;2020-09;
EMEA SOUTH;ITALIA;ALFA ROMEO;2020-10;
EMEA SOUTH;ITALIA;ALFA ROMEO;2020-11;
EMEA SOUTH;ITALIA;ALFA ROMEO;2020-12;
EMEA NORTH;UK;GM;2015-01;53
EMEA NORTH;UK;GM;2015-02;101
EMEA NORTH;UK;GM;2015-03;92
EMEA NORTH;UK;GM;2015-04;81
EMEA NORTH;UK;GM;2015-05;129
EMEA NORTH;UK;GM;2015-06;66
EMEA NORTH;UK;GM;2015-07;98
EMEA NORTH;UK;GM;2015-08;58
EMEA NORTH;UK;GM;2015-09;67
EMEA NORTH;UK;GM;2015-10;49
EMEA NORTH;UK;GM;2015-11;43
EMEA NORTH;UK;GM;2015-12;74
EMEA NORTH;UK;GM;2016-01;98
EMEA NORTH;UK;GM;2016-02;52
EMEA NORTH;UK;GM;2016-03;60
EMEA NORTH;UK;GM;2016-04;42
EMEA NORTH;UK;GM;2016-05;56
EMEA NORTH;UK;GM;2016-06;79
EMEA NORTH;UK;GM;2016-07;37
EMEA NORTH;UK;GM;2016-08;22
EMEA NORTH;UK;GM;2016-09;33
EMEA NORTH;UK;GM;2016-10;46
EMEA NORTH;UK;GM;2016-11;35
EMEA NORTH;UK;GM;2016-12;56
EMEA NORTH;UK;GM;2017-01;33
EMEA NORTH;UK;GM;2017-02;36
EMEA NORTH;UK;GM;2017-03;30
EMEA NORTH;UK;GM;2017-04;51
EMEA NORTH;UK;GM;2017-05;42
EMEA NORTH;UK;GM;2017-06;38
EMEA NORTH;UK;GM;2017-07;40
EMEA NORTH;UK;GM;2017-08;21
EMEA NORTH;UK;GM;2017-09;34
EMEA NORTH;UK;GM;2017-10;38
EMEA NORTH;UK;GM;2017-11;29
EMEA NORTH;UK;GM;2017-12;42
EMEA NORTH;UK;GM;2018-01;37
EMEA NORTH;UK;GM;2018-02;35
EMEA NORTH;UK;GM;2018-03;31
EMEA NORTH;UK;GM;2018-04;39
EMEA NORTH;UK;GM;2018-05;37
EMEA NORTH;UK;GM;2018-06;41
EMEA NORTH;UK;GM;2018-07;51
EMEA NORTH;UK;GM;2018-08;64
EMEA NORTH;UK;GM;2018-09;40
EMEA NORTH;UK;GM;2018-10;34
EMEA NORTH;UK;GM;2018-11;28
EMEA NORTH;UK;GM;2018-12;51
EMEA NORTH;UK;GM;2019-01;62
EMEA NORTH;UK;GM;2019-02;69
EMEA NORTH;UK;GM;2019-03;46
EMEA NORTH;UK;GM;2019-04;46
EMEA NORTH;UK;GM;2019-05;49
EMEA NORTH;UK;GM;2019-06;62
EMEA NORTH;UK;GM;2019-07;45
EMEA NORTH;UK;GM;2019-08;65
EMEA NORTH;UK;GM;2019-09;56
EMEA NORTH;UK;GM;2019-10;71
EMEA NORTH;UK;GM;2019-11;66
EMEA NORTH;UK;GM;2019-12;98
EMEA NORTH;UK;GM;2020-01;
EMEA NORTH;UK;GM;2020-02;
EMEA NORTH;UK;GM;2020-03;
EMEA NORTH;UK;GM;2020-04;
EMEA NORTH;UK;GM;2020-05;
EMEA NORTH;UK;GM;2020-06;
EMEA NORTH;UK;GM;2020-07;
EMEA NORTH;UK;GM;2020-08;
EMEA NORTH;UK;GM;2020-09;
EMEA NORTH;UK;GM;2020-10;
EMEA NORTH;UK;GM;2020-11;
EMEA NORTH;UK;GM;2020-12;
EMEA NORTH;BELGIUM;VOLVO;2015-01;19152
EMEA NORTH;BELGIUM;VOLVO;2015-02;14782
EMEA NORTH;BELGIUM;VOLVO;2015-03;29118
EMEA NORTH;BELGIUM;VOLVO;2015-04;18622
EMEA NORTH;BELGIUM;VOLVO;2015-05;25523
EMEA NORTH;BELGIUM;VOLVO;2015-06;25933
EMEA NORTH;BELGIUM;VOLVO;2015-07;17528
EMEA NORTH;BELGIUM;VOLVO;2015-08;10627
EMEA NORTH;BELGIUM;VOLVO;2015-09;22139
EMEA NORTH;BELGIUM;VOLVO;2015-10;19181
EMEA NORTH;BELGIUM;VOLVO;2015-11;19140
EMEA NORTH;BELGIUM;VOLVO;2015-12;15886
EMEA NORTH;BELGIUM;VOLVO;2016-01;22357
EMEA NORTH;BELGIUM;VOLVO;2016-02;17969
EMEA NORTH;BELGIUM;VOLVO;2016-03;23224
EMEA NORTH;BELGIUM;VOLVO;2016-04;18489
EMEA NORTH;BELGIUM;VOLVO;2016-05;17328
EMEA NORTH;BELGIUM;VOLVO;2016-06;18865
EMEA NORTH;BELGIUM;VOLVO;2016-07;15256
EMEA NORTH;BELGIUM;VOLVO;2016-08;9218
EMEA NORTH;BELGIUM;VOLVO;2016-09;21532
EMEA NORTH;BELGIUM;VOLVO;2016-10;21178
EMEA NORTH;BELGIUM;VOLVO;2016-11;17351
EMEA NORTH;BELGIUM;VOLVO;2016-12;19841
EMEA NORTH;BELGIUM;VOLVO;2017-01;16529
EMEA NORTH;BELGIUM;VOLVO;2017-02;14478
EMEA NORTH;BELGIUM;VOLVO;2017-03;21614
EMEA NORTH;BELGIUM;VOLVO;2017-04;21291
EMEA NORTH;BELGIUM;VOLVO;2017-05;17372
EMEA NORTH;BELGIUM;VOLVO;2017-06;20590
EMEA NORTH;BELGIUM;VOLVO;2017-07;18838
EMEA NORTH;BELGIUM;VOLVO;2017-08;9394
EMEA NORTH;BELGIUM;VOLVO;2017-09;20080
EMEA NORTH;BELGIUM;VOLVO;2017-10;18723
EMEA NORTH;BELGIUM;VOLVO;2017-11;19923
EMEA NORTH;BELGIUM;VOLVO;2017-12;21978
EMEA NORTH;BELGIUM;VOLVO;2018-01;15737
EMEA NORTH;BELGIUM;VOLVO;2018-02;14097
EMEA NORTH;BELGIUM;VOLVO;2018-03;27046
EMEA NORTH;BELGIUM;VOLVO;2018-04;17216
EMEA NORTH;BELGIUM;VOLVO;2018-05;24163
EMEA NORTH;BELGIUM;VOLVO;2018-06;21229
EMEA NORTH;BELGIUM;VOLVO;2018-07;17071
EMEA NORTH;BELGIUM;VOLVO;2018-08;12867
EMEA NORTH;BELGIUM;VOLVO;2018-09;23903
EMEA NORTH;BELGIUM;VOLVO;2018-10;26244
EMEA NORTH;BELGIUM;VOLVO;2018-11;20917
EMEA NORTH;BELGIUM;VOLVO;2018-12;23690
EMEA NORTH;BELGIUM;VOLVO;2019-01;20476
EMEA NORTH;BELGIUM;VOLVO;2019-02;15918
EMEA NORTH;BELGIUM;VOLVO;2019-03;27860
EMEA NORTH;BELGIUM;VOLVO;2019-04;22989
EMEA NORTH;BELGIUM;VOLVO;2019-05;23875
EMEA NORTH;BELGIUM;VOLVO;2019-06;23240
EMEA NORTH;BELGIUM;VOLVO;2019-07;22293
EMEA NORTH;BELGIUM;VOLVO;2019-08;14298
EMEA NORTH;BELGIUM;VOLVO;2019-09;25277
EMEA NORTH;BELGIUM;VOLVO;2019-10;21021
EMEA NORTH;BELGIUM;VOLVO;2019-11;22479
EMEA NORTH;BELGIUM;VOLVO;2019-12;28697
EMEA NORTH;BELGIUM;VOLVO;2020-01;
EMEA NORTH;BELGIUM;VOLVO;2020-02;
EMEA NORTH;BELGIUM;VOLVO;2020-03;
EMEA NORTH;BELGIUM;VOLVO;2020-04;
EMEA NORTH;BELGIUM;VOLVO;2020-05;
EMEA NORTH;BELGIUM;VOLVO;2020-06;
EMEA NORTH;BELGIUM;VOLVO;2020-07;
EMEA NORTH;BELGIUM;VOLVO;2020-08;
EMEA NORTH;BELGIUM;VOLVO;2020-09;
EMEA NORTH;BELGIUM;VOLVO;2020-10;
EMEA NORTH;BELGIUM;VOLVO;2020-11;
EMEA NORTH;BELGIUM;VOLVO;2020-12;
EMEA NORTH;GERMANY;PORSCHE;2015-01;3216
EMEA NORTH;GERMANY;PORSCHE;2015-02;2571
EMEA NORTH;GERMANY;PORSCHE;2015-03;4209
EMEA NORTH;GERMANY;PORSCHE;2015-04;3540
EMEA NORTH;GERMANY;PORSCHE;2015-05;4458
EMEA NORTH;GERMANY;PORSCHE;2015-06;4069
EMEA NORTH;GERMANY;PORSCHE;2015-07;4178
EMEA NORTH;GERMANY;PORSCHE;2015-08;2391
EMEA NORTH;GERMANY;PORSCHE;2015-09;4485
EMEA NORTH;GERMANY;PORSCHE;2015-10;3654
EMEA NORTH;GERMANY;PORSCHE;2015-11;2736
EMEA NORTH;GERMANY;PORSCHE;2015-12;3286
EMEA NORTH;GERMANY;PORSCHE;2016-01;3214
EMEA NORTH;GERMANY;PORSCHE;2016-02;2702
EMEA NORTH;GERMANY;PORSCHE;2016-03;4739
EMEA NORTH;GERMANY;PORSCHE;2016-04;3790
EMEA NORTH;GERMANY;PORSCHE;2016-05;4208
EMEA NORTH;GERMANY;PORSCHE;2016-06;4338
EMEA NORTH;GERMANY;PORSCHE;2016-07;3927
EMEA NORTH;GERMANY;PORSCHE;2016-08;2086
EMEA NORTH;GERMANY;PORSCHE;2016-09;3315
EMEA NORTH;GERMANY;PORSCHE;2016-10;3569
EMEA NORTH;GERMANY;PORSCHE;2016-11;3091
EMEA NORTH;GERMANY;PORSCHE;2016-12;3777
EMEA NORTH;GERMANY;PORSCHE;2017-01;3905
EMEA NORTH;GERMANY;PORSCHE;2017-02;2501
EMEA NORTH;GERMANY;PORSCHE;2017-03;5350
EMEA NORTH;GERMANY;PORSCHE;2017-04;3892
EMEA NORTH;GERMANY;PORSCHE;2017-05;4031
EMEA NORTH;GERMANY;PORSCHE;2017-06;3510
EMEA NORTH;GERMANY;PORSCHE;2017-07;4253
EMEA NORTH;GERMANY;PORSCHE;2017-08;1774
EMEA NORTH;GERMANY;PORSCHE;2017-09;3615
EMEA NORTH;GERMANY;PORSCHE;2017-10;3511
EMEA NORTH;GERMANY;PORSCHE;2017-11;3132
EMEA NORTH;GERMANY;PORSCHE;2017-12;2892
EMEA NORTH;GERMANY;PORSCHE;2018-01;3474
EMEA NORTH;GERMANY;PORSCHE;2018-02;2545
EMEA NORTH;GERMANY;PORSCHE;2018-03;4695
EMEA NORTH;GERMANY;PORSCHE;2018-04;5450
EMEA NORTH;GERMANY;PORSCHE;2018-05;5999
EMEA NORTH;GERMANY;PORSCHE;2018-06;4332
EMEA NORTH;GERMANY;PORSCHE;2018-07;5631
EMEA NORTH;GERMANY;PORSCHE;2018-08;3062
EMEA NORTH;GERMANY;PORSCHE;2018-09;4599
EMEA NORTH;GERMANY;PORSCHE;2018-10;5100
EMEA NORTH;GERMANY;PORSCHE;2018-11;4370
EMEA NORTH;GERMANY;PORSCHE;2018-12;3828
EMEA NORTH;GERMANY;PORSCHE;2019-01;4983
EMEA NORTH;GERMANY;PORSCHE;2019-02;3661
EMEA NORTH;GERMANY;PORSCHE;2019-03;6444
EMEA NORTH;GERMANY;PORSCHE;2019-04;6100
EMEA NORTH;GERMANY;PORSCHE;2019-05;6077
EMEA NORTH;GERMANY;PORSCHE;2019-06;5780
EMEA NORTH;GERMANY;PORSCHE;2019-07;7500
EMEA NORTH;GERMANY;PORSCHE;2019-08;3650
EMEA NORTH;GERMANY;PORSCHE;2019-09;6037
EMEA NORTH;GERMANY;PORSCHE;2019-10;6725
EMEA NORTH;GERMANY;PORSCHE;2019-11;3967
EMEA NORTH;GERMANY;PORSCHE;2019-12;2971
EMEA NORTH;GERMANY;PORSCHE;2020-01;
EMEA NORTH;GERMANY;PORSCHE;2020-02;
EMEA NORTH;GERMANY;PORSCHE;2020-03;
EMEA NORTH;GERMANY;PORSCHE;2020-04;
EMEA NORTH;GERMANY;PORSCHE;2020-05;
EMEA NORTH;GERMANY;PORSCHE;2020-06;
EMEA NORTH;GERMANY;PORSCHE;2020-07;
EMEA NORTH;GERMANY;PORSCHE;2020-08;
EMEA NORTH;GERMANY;PORSCHE;2020-09;
EMEA NORTH;GERMANY;PORSCHE;2020-10;
EMEA NORTH;GERMANY;PORSCHE;2020-11;
EMEA NORTH;GERMANY;PORSCHE;2020-12;
EMEA NORTH;FRANCE;RENAULT;2015-01;96446
EMEA NORTH;FRANCE;RENAULT;2015-02;88964
EMEA NORTH;FRANCE;RENAULT;2015-03;113936
EMEA NORTH;FRANCE;RENAULT;2015-04;81883
EMEA NORTH;FRANCE;RENAULT;2015-05;84120
EMEA NORTH;FRANCE;RENAULT;2015-06;93683
EMEA NORTH;FRANCE;RENAULT;2015-07;68576
EMEA NORTH;FRANCE;RENAULT;2015-08;54677
EMEA NORTH;FRANCE;RENAULT;2015-09;119096
EMEA NORTH;FRANCE;RENAULT;2015-10;79831
EMEA NORTH;FRANCE;RENAULT;2015-11;82409
EMEA NORTH;FRANCE;RENAULT;2015-12;78338
EMEA NORTH;FRANCE;RENAULT;2016-01;58580
EMEA NORTH;FRANCE;RENAULT;2016-02;68284
EMEA NORTH;FRANCE;RENAULT;2016-03;108235
EMEA NORTH;FRANCE;RENAULT;2016-04;57468
EMEA NORTH;FRANCE;RENAULT;2016-05;78943
EMEA NORTH;FRANCE;RENAULT;2016-06;98714
EMEA NORTH;FRANCE;RENAULT;2016-07;66007
EMEA NORTH;FRANCE;RENAULT;2016-08;36774
EMEA NORTH;FRANCE;RENAULT;2016-09;63898
EMEA NORTH;FRANCE;RENAULT;2016-10;57712
EMEA NORTH;FRANCE;RENAULT;2016-11;52623
EMEA NORTH;FRANCE;RENAULT;2016-12;71590
EMEA NORTH;FRANCE;RENAULT;2017-01;56951
EMEA NORTH;FRANCE;RENAULT;2017-02;57363
EMEA NORTH;FRANCE;RENAULT;2017-03;87734
EMEA NORTH;FRANCE;RENAULT;2017-04;69993
EMEA NORTH;FRANCE;RENAULT;2017-05;63894
EMEA NORTH;FRANCE;RENAULT;2017-06;94195
EMEA NORTH;FRANCE;RENAULT;2017-07;65783
EMEA NORTH;FRANCE;RENAULT;2017-08;42148
EMEA NORTH;FRANCE;RENAULT;2017-09;77496
EMEA NORTH;FRANCE;RENAULT;2017-10;63021
EMEA NORTH;FRANCE;RENAULT;2017-11;58520
EMEA NORTH;FRANCE;RENAULT;2017-12;71141
EMEA NORTH;FRANCE;RENAULT;2018-01;50663
EMEA NORTH;FRANCE;RENAULT;2018-02;49618
EMEA NORTH;FRANCE;RENAULT;2018-03;125923
EMEA NORTH;FRANCE;RENAULT;2018-04;70310
EMEA NORTH;FRANCE;RENAULT;2018-05;74395
EMEA NORTH;FRANCE;RENAULT;2018-06;126358
EMEA NORTH;FRANCE;RENAULT;2018-07;59515
EMEA NORTH;FRANCE;RENAULT;2018-08;34288
EMEA NORTH;FRANCE;RENAULT;2018-09;92031
EMEA NORTH;FRANCE;RENAULT;2018-10;79628
EMEA NORTH;FRANCE;RENAULT;2018-11;66011
EMEA NORTH;FRANCE;RENAULT;2018-12;93638
EMEA NORTH;FRANCE;RENAULT;2019-01;64105
EMEA NORTH;FRANCE;RENAULT;2019-02;62129
EMEA NORTH;FRANCE;RENAULT;2019-03;109486
EMEA NORTH;FRANCE;RENAULT;2019-04;86290
EMEA NORTH;FRANCE;RENAULT;2019-05;77283
EMEA NORTH;FRANCE;RENAULT;2019-06;118926
EMEA NORTH;FRANCE;RENAULT;2019-07;59402
EMEA NORTH;FRANCE;RENAULT;2019-08;46319
EMEA NORTH;FRANCE;RENAULT;2019-09;86295
EMEA NORTH;FRANCE;RENAULT;2019-10;70848
EMEA NORTH;FRANCE;RENAULT;2019-11;71777
EMEA NORTH;FRANCE;RENAULT;2019-12;117735
EMEA NORTH;FRANCE;RENAULT;2020-01;
EMEA NORTH;FRANCE;RENAULT;2020-02;
EMEA NORTH;FRANCE;RENAULT;2020-03;
EMEA NORTH;FRANCE;RENAULT;2020-04;
EMEA NORTH;FRANCE;RENAULT;2020-05;
EMEA NORTH;FRANCE;RENAULT;2020-06;
EMEA NORTH;FRANCE;RENAULT;2020-07;
EMEA NORTH;FRANCE;RENAULT;2020-08;
EMEA NORTH;FRANCE;RENAULT;2020-09;
EMEA NORTH;FRANCE;RENAULT;2020-10;
EMEA NORTH;FRANCE;RENAULT;2020-11;
EMEA NORTH;FRANCE;RENAULT;2020-12;
EMEA SOUTH;SPAIN;SEAT;2015-01;23239
EMEA SOUTH;SPAIN;SEAT;2015-02;21384
EMEA SOUTH;SPAIN;SEAT;2015-03;32239
EMEA SOUTH;SPAIN;SEAT;2015-04;22194
EMEA SOUTH;SPAIN;SEAT;2015-05;25656
EMEA SOUTH;SPAIN;SEAT;2015-06;30669
EMEA SOUTH;SPAIN;SEAT;2015-07;28292
EMEA SOUTH;SPAIN;SEAT;2015-08;18676
EMEA SOUTH;SPAIN;SEAT;2015-09;28942
EMEA SOUTH;SPAIN;SEAT;2015-10;21991
EMEA SOUTH;SPAIN;SEAT;2015-11;20920
EMEA SOUTH;SPAIN;SEAT;2015-12;24337
EMEA SOUTH;SPAIN;SEAT;2016-01;18360
EMEA SOUTH;SPAIN;SEAT;2016-02;20157
EMEA SOUTH;SPAIN;SEAT;2016-03;33074
EMEA SOUTH;SPAIN;SEAT;2016-04;18879
EMEA SOUTH;SPAIN;SEAT;2016-05;20222
EMEA SOUTH;SPAIN;SEAT;2016-06;27639
EMEA SOUTH;SPAIN;SEAT;2016-07;24393
EMEA SOUTH;SPAIN;SEAT;2016-08;19364
EMEA SOUTH;SPAIN;SEAT;2016-09;21083
EMEA SOUTH;SPAIN;SEAT;2016-10;17159
EMEA SOUTH;SPAIN;SEAT;2016-11;21181
EMEA SOUTH;SPAIN;SEAT;2016-12;18459
EMEA SOUTH;SPAIN;SEAT;2017-01;17559
EMEA SOUTH;SPAIN;SEAT;2017-02;15621
EMEA SOUTH;SPAIN;SEAT;2017-03;26818
EMEA SOUTH;SPAIN;SEAT;2017-04;29082
EMEA SOUTH;SPAIN;SEAT;2017-05;23810
EMEA SOUTH;SPAIN;SEAT;2017-06;26025
EMEA SOUTH;SPAIN;SEAT;2017-07;26402
EMEA SOUTH;SPAIN;SEAT;2017-08;17270
EMEA SOUTH;SPAIN;SEAT;2017-09;24890
EMEA SOUTH;SPAIN;SEAT;2017-10;23193
EMEA SOUTH;SPAIN;SEAT;2017-11;20559
EMEA SOUTH;SPAIN;SEAT;2017-12;19726
EMEA SOUTH;SPAIN;SEAT;2018-01;18401
EMEA SOUTH;SPAIN;SEAT;2018-02;20199
EMEA SOUTH;SPAIN;SEAT;2018-03;36759
EMEA SOUTH;SPAIN;SEAT;2018-04;29656
EMEA SOUTH;SPAIN;SEAT;2018-05;26704
EMEA SOUTH;SPAIN;SEAT;2018-06;26364
EMEA SOUTH;SPAIN;SEAT;2018-07;31188
EMEA SOUTH;SPAIN;SEAT;2018-08;15057
EMEA SOUTH;SPAIN;SEAT;2018-09;28046
EMEA SOUTH;SPAIN;SEAT;2018-10;26360
EMEA SOUTH;SPAIN;SEAT;2018-11;25252
EMEA SOUTH;SPAIN;SEAT;2018-12;24802
EMEA SOUTH;SPAIN;SEAT;2019-01;25297
EMEA SOUTH;SPAIN;SEAT;2019-02;25790
EMEA SOUTH;SPAIN;SEAT;2019-03;35831
EMEA SOUTH;SPAIN;SEAT;2019-04;31184
EMEA SOUTH;SPAIN;SEAT;2019-05;26242
EMEA SOUTH;SPAIN;SEAT;2019-06;38122
EMEA SOUTH;SPAIN;SEAT;2019-07;30384
EMEA SOUTH;SPAIN;SEAT;2019-08;18023
EMEA SOUTH;SPAIN;SEAT;2019-09;25950
EMEA SOUTH;SPAIN;SEAT;2019-10;21214
EMEA SOUTH;SPAIN;SEAT;2019-11;23563
EMEA SOUTH;SPAIN;SEAT;2019-12;25455
EMEA SOUTH;SPAIN;SEAT;2020-01;
EMEA SOUTH;SPAIN;SEAT;2020-02;
EMEA SOUTH;SPAIN;SEAT;2020-03;
EMEA SOUTH;SPAIN;SEAT;2020-04;
EMEA SOUTH;SPAIN;SEAT;2020-05;
EMEA SOUTH;SPAIN;SEAT;2020-06;
EMEA SOUTH;SPAIN;SEAT;2020-07;
EMEA SOUTH;SPAIN;SEAT;2020-08;
EMEA SOUTH;SPAIN;SEAT;2020-09;
EMEA SOUTH;SPAIN;SEAT;2020-10;
EMEA SOUTH;SPAIN;SEAT;2020-11;
EMEA SOUTH;SPAIN;SEAT;2020-12;
EMEA SOUTH;ITALIA;GM;2015-01;10619
EMEA SOUTH;ITALIA;GM;2015-02;9772
EMEA SOUTH;ITALIA;GM;2015-03;15296
EMEA SOUTH;ITALIA;GM;2015-04;13084
EMEA SOUTH;ITALIA;GM;2015-05;12969
EMEA SOUTH;ITALIA;GM;2015-06;12539
EMEA SOUTH;ITALIA;GM;2015-07;11400
EMEA SOUTH;ITALIA;GM;2015-08;5772
EMEA SOUTH;ITALIA;GM;2015-09;12089
EMEA SOUTH;ITALIA;GM;2015-10;9035
EMEA SOUTH;ITALIA;GM;2015-11;8849
EMEA SOUTH;ITALIA;GM;2015-12;6780
EMEA SOUTH;ITALIA;GM;2016-01;9213
EMEA SOUTH;ITALIA;GM;2016-02;8769
EMEA SOUTH;ITALIA;GM;2016-03;8970
EMEA SOUTH;ITALIA;GM;2016-04;9404
EMEA SOUTH;ITALIA;GM;2016-05;10165
EMEA SOUTH;ITALIA;GM;2016-06;8988
EMEA SOUTH;ITALIA;GM;2016-07;7663
EMEA SOUTH;ITALIA;GM;2016-08;4280
EMEA SOUTH;ITALIA;GM;2016-09;6251
EMEA SOUTH;ITALIA;GM;2016-10;6475
EMEA SOUTH;ITALIA;GM;2016-11;5939
EMEA SOUTH;ITALIA;GM;2016-12;5369
EMEA SOUTH;ITALIA;GM;2017-01;5782
EMEA SOUTH;ITALIA;GM;2017-02;3979
EMEA SOUTH;ITALIA;GM;2017-03;6440
EMEA SOUTH;ITALIA;GM;2017-04;5487
EMEA SOUTH;ITALIA;GM;2017-05;7443
EMEA SOUTH;ITALIA;GM;2017-06;5951
EMEA SOUTH;ITALIA;GM;2017-07;5801
EMEA SOUTH;ITALIA;GM;2017-08;2538
EMEA SOUTH;ITALIA;GM;2017-09;5623
EMEA SOUTH;ITALIA;GM;2017-10;5212
EMEA SOUTH;ITALIA;GM;2017-11;4626
EMEA SOUTH;ITALIA;GM;2017-12;4352
EMEA SOUTH;ITALIA;GM;2018-01;4910
EMEA SOUTH;ITALIA;GM;2018-02;4315
EMEA SOUTH;ITALIA;GM;2018-03;7464
EMEA SOUTH;ITALIA;GM;2018-04;5962
EMEA SOUTH;ITALIA;GM;2018-05;5107
EMEA SOUTH;ITALIA;GM;2018-06;5499
EMEA SOUTH;ITALIA;GM;2018-07;4480
EMEA SOUTH;ITALIA;GM;2018-08;2283
EMEA SOUTH;ITALIA;GM;2018-09;5561
EMEA SOUTH;ITALIA;GM;2018-10;4889
EMEA SOUTH;ITALIA;GM;2018-11;4516
EMEA SOUTH;ITALIA;GM;2018-12;4499
EMEA SOUTH;ITALIA;GM;2019-01;4475
EMEA SOUTH;ITALIA;GM;2019-02;4725
EMEA SOUTH;ITALIA;GM;2019-03;6962
EMEA SOUTH;ITALIA;GM;2019-04;4488
EMEA SOUTH;ITALIA;GM;2019-05;5513
EMEA SOUTH;ITALIA;GM;2019-06;4573
EMEA SOUTH;ITALIA;GM;2019-07;4704
EMEA SOUTH;ITALIA;GM;2019-08;2401
EMEA SOUTH;ITALIA;GM;2019-09;4896
EMEA SOUTH;ITALIA;GM;2019-10;4428
EMEA SOUTH;ITALIA;GM;2019-11;4402
EMEA SOUTH;ITALIA;GM;2019-12;3662
EMEA SOUTH;ITALIA;GM;2020-01;
EMEA SOUTH;ITALIA;GM;2020-02;
EMEA SOUTH;ITALIA;GM;2020-03;
EMEA SOUTH;ITALIA;GM;2020-04;
EMEA SOUTH;ITALIA;GM;2020-05;
EMEA SOUTH;ITALIA;GM;2020-06;
EMEA SOUTH;ITALIA;GM;2020-07;
EMEA SOUTH;ITALIA;GM;2020-08;
EMEA SOUTH;ITALIA;GM;2020-09;
EMEA SOUTH;ITALIA;GM;2020-10;
EMEA SOUTH;ITALIA;GM;2020-11;
EMEA SOUTH;ITALIA;GM;2020-12;
EMEA NORTH;UK;VOLVO;2015-01;60
EMEA NORTH;UK;VOLVO;2015-02;115
EMEA NORTH;UK;VOLVO;2015-03;73
EMEA NORTH;UK;VOLVO;2015-04;89
EMEA NORTH;UK;VOLVO;2015-05;128
EMEA NORTH;UK;VOLVO;2015-06;72
EMEA NORTH;UK;VOLVO;2015-07;91
EMEA NORTH;UK;VOLVO;2015-08;65
EMEA NORTH;UK;VOLVO;2015-09;63
EMEA NORTH;UK;VOLVO;2015-10;45
EMEA NORTH;UK;VOLVO;2015-11;52
EMEA NORTH;UK;VOLVO;2015-12;69
EMEA NORTH;UK;VOLVO;2016-01;86
EMEA NORTH;UK;VOLVO;2016-02;59
EMEA NORTH;UK;VOLVO;2016-03;58
EMEA NORTH;UK;VOLVO;2016-04;38
EMEA NORTH;UK;VOLVO;2016-05;46
EMEA NORTH;UK;VOLVO;2016-06;60
EMEA NORTH;UK;VOLVO;2016-07;31
EMEA NORTH;UK;VOLVO;2016-08;24
EMEA NORTH;UK;VOLVO;2016-09;32
EMEA NORTH;UK;VOLVO;2016-10;44
EMEA NORTH;UK;VOLVO;2016-11;32
EMEA NORTH;UK;VOLVO;2016-12;50
EMEA NORTH;UK;VOLVO;2017-01;36
EMEA NORTH;UK;VOLVO;2017-02;43
EMEA NORTH;UK;VOLVO;2017-03;30
EMEA NORTH;UK;VOLVO;2017-04;56
EMEA NORTH;UK;VOLVO;2017-05;35
EMEA NORTH;UK;VOLVO;2017-06;34
EMEA NORTH;UK;VOLVO;2017-07;36
EMEA NORTH;UK;VOLVO;2017-08;22
EMEA NORTH;UK;VOLVO;2017-09;34
EMEA NORTH;UK;VOLVO;2017-10;34
EMEA NORTH;UK;VOLVO;2017-11;29
EMEA NORTH;UK;VOLVO;2017-12;50
EMEA NORTH;UK;VOLVO;2018-01;42
EMEA NORTH;UK;VOLVO;2018-02;36
EMEA NORTH;UK;VOLVO;2018-03;33
EMEA NORTH;UK;VOLVO;2018-04;37
EMEA NORTH;UK;VOLVO;2018-05;37
EMEA NORTH;UK;VOLVO;2018-06;37
EMEA NORTH;UK;VOLVO;2018-07;41
EMEA NORTH;UK;VOLVO;2018-08;63
EMEA NORTH;UK;VOLVO;2018-09;38
EMEA NORTH;UK;VOLVO;2018-10;29
EMEA NORTH;UK;VOLVO;2018-11;28
EMEA NORTH;UK;VOLVO;2018-12;46
EMEA NORTH;UK;VOLVO;2019-01;59
EMEA NORTH;UK;VOLVO;2019-02;69
EMEA NORTH;UK;VOLVO;2019-03;55
EMEA NORTH;UK;VOLVO;2019-04;43
EMEA NORTH;UK;VOLVO;2019-05;37
EMEA NORTH;UK;VOLVO;2019-06;54
EMEA NORTH;UK;VOLVO;2019-07;47
EMEA NORTH;UK;VOLVO;2019-08;62
EMEA NORTH;UK;VOLVO;2019-09;49
EMEA NORTH;UK;VOLVO;2019-10;60
EMEA NORTH;UK;VOLVO;2019-11;55
EMEA NORTH;UK;VOLVO;2019-12;82
EMEA NORTH;UK;VOLVO;2020-01;
EMEA NORTH;UK;VOLVO;2020-02;
EMEA NORTH;UK;VOLVO;2020-03;
EMEA NORTH;UK;VOLVO;2020-04;
EMEA NORTH;UK;VOLVO;2020-05;
EMEA NORTH;UK;VOLVO;2020-06;
EMEA NORTH;UK;VOLVO;2020-07;
EMEA NORTH;UK;VOLVO;2020-08;
EMEA NORTH;UK;VOLVO;2020-09;
EMEA NORTH;UK;VOLVO;2020-10;
EMEA NORTH;UK;VOLVO;2020-11;
EMEA NORTH;UK;VOLVO;2020-12;
EMEA NORTH;BELGIUM;PORSCHE;2015-01;21448
EMEA NORTH;BELGIUM;PORSCHE;2015-02;15546
EMEA NORTH;BELGIUM;PORSCHE;2015-03;23802
EMEA NORTH;BELGIUM;PORSCHE;2015-04;21582
EMEA NORTH;BELGIUM;PORSCHE;2015-05;24638
EMEA NORTH;BELGIUM;PORSCHE;2015-06;23204
EMEA NORTH;BELGIUM;PORSCHE;2015-07;17625
EMEA NORTH;BELGIUM;PORSCHE;2015-08;9755
EMEA NORTH;BELGIUM;PORSCHE;2015-09;21673
EMEA NORTH;BELGIUM;PORSCHE;2015-10;17248
EMEA NORTH;BELGIUM;PORSCHE;2015-11;22571
EMEA NORTH;BELGIUM;PORSCHE;2015-12;18202
EMEA NORTH;BELGIUM;PORSCHE;2016-01;22204
EMEA NORTH;BELGIUM;PORSCHE;2016-02;17551
EMEA NORTH;BELGIUM;PORSCHE;2016-03;21685
EMEA NORTH;BELGIUM;PORSCHE;2016-04;16593
EMEA NORTH;BELGIUM;PORSCHE;2016-05;20186
EMEA NORTH;BELGIUM;PORSCHE;2016-06;21385
EMEA NORTH;BELGIUM;PORSCHE;2016-07;15357
EMEA NORTH;BELGIUM;PORSCHE;2016-08;8547
EMEA NORTH;BELGIUM;PORSCHE;2016-09;22572
EMEA NORTH;BELGIUM;PORSCHE;2016-10;18122
EMEA NORTH;BELGIUM;PORSCHE;2016-11;16245
EMEA NORTH;BELGIUM;PORSCHE;2016-12;18238
EMEA NORTH;BELGIUM;PORSCHE;2017-01;15333
EMEA NORTH;BELGIUM;PORSCHE;2017-02;15188
EMEA NORTH;BELGIUM;PORSCHE;2017-03;21237
EMEA NORTH;BELGIUM;PORSCHE;2017-04;18714
EMEA NORTH;BELGIUM;PORSCHE;2017-05;19813
EMEA NORTH;BELGIUM;PORSCHE;2017-06;20683
EMEA NORTH;BELGIUM;PORSCHE;2017-07;18604
EMEA NORTH;BELGIUM;PORSCHE;2017-08;10001
EMEA NORTH;BELGIUM;PORSCHE;2017-09;24332
EMEA NORTH;BELGIUM;PORSCHE;2017-10;18088
EMEA NORTH;BELGIUM;PORSCHE;2017-11;21501
EMEA NORTH;BELGIUM;PORSCHE;2017-12;22281
EMEA NORTH;BELGIUM;PORSCHE;2018-01;17384
EMEA NORTH;BELGIUM;PORSCHE;2018-02;13192
EMEA NORTH;BELGIUM;PORSCHE;2018-03;23327
EMEA NORTH;BELGIUM;PORSCHE;2018-04;20450
EMEA NORTH;BELGIUM;PORSCHE;2018-05;18697
EMEA NORTH;BELGIUM;PORSCHE;2018-06;18377
EMEA NORTH;BELGIUM;PORSCHE;2018-07;18466
EMEA NORTH;BELGIUM;PORSCHE;2018-08;10245
EMEA NORTH;BELGIUM;PORSCHE;2018-09;22942
EMEA NORTH;BELGIUM;PORSCHE;2018-10;22239
EMEA NORTH;BELGIUM;PORSCHE;2018-11;24265
EMEA NORTH;BELGIUM;PORSCHE;2018-12;23707
EMEA NORTH;BELGIUM;PORSCHE;2019-01;20513
EMEA NORTH;BELGIUM;PORSCHE;2019-02;16468
EMEA NORTH;BELGIUM;PORSCHE;2019-03;27799
EMEA NORTH;BELGIUM;PORSCHE;2019-04;22992
EMEA NORTH;BELGIUM;PORSCHE;2019-05;17956
EMEA NORTH;BELGIUM;PORSCHE;2019-06;27169
EMEA NORTH;BELGIUM;PORSCHE;2019-07;20047
EMEA NORTH;BELGIUM;PORSCHE;2019-08;14106
EMEA NORTH;BELGIUM;PORSCHE;2019-09;28256
EMEA NORTH;BELGIUM;PORSCHE;2019-10;28019
EMEA NORTH;BELGIUM;PORSCHE;2019-11;28257
EMEA NORTH;BELGIUM;PORSCHE;2019-12;32636
EMEA NORTH;BELGIUM;PORSCHE;2020-01;
EMEA NORTH;BELGIUM;PORSCHE;2020-02;
EMEA NORTH;BELGIUM;PORSCHE;2020-03;
EMEA NORTH;BELGIUM;PORSCHE;2020-04;
EMEA NORTH;BELGIUM;PORSCHE;2020-05;
EMEA NORTH;BELGIUM;PORSCHE;2020-06;
EMEA NORTH;BELGIUM;PORSCHE;2020-07;
EMEA NORTH;BELGIUM;PORSCHE;2020-08;
EMEA NORTH;BELGIUM;PORSCHE;2020-09;
EMEA NORTH;BELGIUM;PORSCHE;2020-10;
EMEA NORTH;BELGIUM;PORSCHE;2020-11;
EMEA NORTH;BELGIUM;PORSCHE;2020-12;
EMEA NORTH;GERMANY;RENAULT;2015-01;2688
EMEA NORTH;GERMANY;RENAULT;2015-02;2585
EMEA NORTH;GERMANY;RENAULT;2015-03;4119
EMEA NORTH;GERMANY;RENAULT;2015-04;4109
EMEA NORTH;GERMANY;RENAULT;2015-05;3971
EMEA NORTH;GERMANY;RENAULT;2015-06;3262
EMEA NORTH;GERMANY;RENAULT;2015-07;3341
EMEA NORTH;GERMANY;RENAULT;2015-08;2057
EMEA NORTH;GERMANY;RENAULT;2015-09;4797
EMEA NORTH;GERMANY;RENAULT;2015-10;3365
EMEA NORTH;GERMANY;RENAULT;2015-11;2874
EMEA NORTH;GERMANY;RENAULT;2015-12;3488
EMEA NORTH;GERMANY;RENAULT;2016-01;2928
EMEA NORTH;GERMANY;RENAULT;2016-02;2457
EMEA NORTH;GERMANY;RENAULT;2016-03;5843
EMEA NORTH;GERMANY;RENAULT;2016-04;4017
EMEA NORTH;GERMANY;RENAULT;2016-05;4057
EMEA NORTH;GERMANY;RENAULT;2016-06;4846
EMEA NORTH;GERMANY;RENAULT;2016-07;4606
EMEA NORTH;GERMANY;RENAULT;2016-08;2387
EMEA NORTH;GERMANY;RENAULT;2016-09;3891
EMEA NORTH;GERMANY;RENAULT;2016-10;3049
EMEA NORTH;GERMANY;RENAULT;2016-11;2835
EMEA NORTH;GERMANY;RENAULT;2016-12;3065
EMEA NORTH;GERMANY;RENAULT;2017-01;3798
EMEA NORTH;GERMANY;RENAULT;2017-02;2233
EMEA NORTH;GERMANY;RENAULT;2017-03;4966
EMEA NORTH;GERMANY;RENAULT;2017-04;3918
EMEA NORTH;GERMANY;RENAULT;2017-05;4009
EMEA NORTH;GERMANY;RENAULT;2017-06;3538
EMEA NORTH;GERMANY;RENAULT;2017-07;3862
EMEA NORTH;GERMANY;RENAULT;2017-08;1947
EMEA NORTH;GERMANY;RENAULT;2017-09;3405
EMEA NORTH;GERMANY;RENAULT;2017-10;4262
EMEA NORTH;GERMANY;RENAULT;2017-11;3638
EMEA NORTH;GERMANY;RENAULT;2017-12;3111
EMEA NORTH;GERMANY;RENAULT;2018-01;3655
EMEA NORTH;GERMANY;RENAULT;2018-02;2583
EMEA NORTH;GERMANY;RENAULT;2018-03;4074
EMEA NORTH;GERMANY;RENAULT;2018-04;6361
EMEA NORTH;GERMANY;RENAULT;2018-05;4734
EMEA NORTH;GERMANY;RENAULT;2018-06;4690
EMEA NORTH;GERMANY;RENAULT;2018-07;4951
EMEA NORTH;GERMANY;RENAULT;2018-08;3180
EMEA NORTH;GERMANY;RENAULT;2018-09;4389
EMEA NORTH;GERMANY;RENAULT;2018-10;4818
EMEA NORTH;GERMANY;RENAULT;2018-11;4316
EMEA NORTH;GERMANY;RENAULT;2018-12;3780
EMEA NORTH;GERMANY;RENAULT;2019-01;5324
EMEA NORTH;GERMANY;RENAULT;2019-02;3990
EMEA NORTH;GERMANY;RENAULT;2019-03;7862
EMEA NORTH;GERMANY;RENAULT;2019-04;7091
EMEA NORTH;GERMANY;RENAULT;2019-05;5524
EMEA NORTH;GERMANY;RENAULT;2019-06;6978
EMEA NORTH;GERMANY;RENAULT;2019-07;6792
EMEA NORTH;GERMANY;RENAULT;2019-08;3946
EMEA NORTH;GERMANY;RENAULT;2019-09;5548
EMEA NORTH;GERMANY;RENAULT;2019-10;5076
EMEA NORTH;GERMANY;RENAULT;2019-11;4513
EMEA NORTH;GERMANY;RENAULT;2019-12;3426
EMEA NORTH;GERMANY;RENAULT;2020-01;
EMEA NORTH;GERMANY;RENAULT;2020-02;
EMEA NORTH;GERMANY;RENAULT;2020-03;
EMEA NORTH;GERMANY;RENAULT;2020-04;
EMEA NORTH;GERMANY;RENAULT;2020-05;
EMEA NORTH;GERMANY;RENAULT;2020-06;
EMEA NORTH;GERMANY;RENAULT;2020-07;
EMEA NORTH;GERMANY;RENAULT;2020-08;
EMEA NORTH;GERMANY;RENAULT;2020-09;
EMEA NORTH;GERMANY;RENAULT;2020-10;
EMEA NORTH;GERMANY;RENAULT;2020-11;
EMEA NORTH;GERMANY;RENAULT;2020-12;
EMEA NORTH;FRANCE;SEAT;2015-01;90617
EMEA NORTH;FRANCE;SEAT;2015-02;87973
EMEA NORTH;FRANCE;SEAT;2015-03;97173
EMEA NORTH;FRANCE;SEAT;2015-04;84493
EMEA NORTH;FRANCE;SEAT;2015-05;94063
EMEA NORTH;FRANCE;SEAT;2015-06;83234
EMEA NORTH;FRANCE;SEAT;2015-07;75167
EMEA NORTH;FRANCE;SEAT;2015-08;56436
EMEA NORTH;FRANCE;SEAT;2015-09;81659
EMEA NORTH;FRANCE;SEAT;2015-10;75147
EMEA NORTH;FRANCE;SEAT;2015-11;73138
EMEA NORTH;FRANCE;SEAT;2015-12;75850
EMEA NORTH;FRANCE;SEAT;2016-01;52445
EMEA NORTH;FRANCE;SEAT;2016-02;63628
EMEA NORTH;FRANCE;SEAT;2016-03;82261
EMEA NORTH;FRANCE;SEAT;2016-04;64059
EMEA NORTH;FRANCE;SEAT;2016-05;78825
EMEA NORTH;FRANCE;SEAT;2016-06;84457
EMEA NORTH;FRANCE;SEAT;2016-07;62693
EMEA NORTH;FRANCE;SEAT;2016-08;44325
EMEA NORTH;FRANCE;SEAT;2016-09;51298
EMEA NORTH;FRANCE;SEAT;2016-10;63648
EMEA NORTH;FRANCE;SEAT;2016-11;57063
EMEA NORTH;FRANCE;SEAT;2016-12;47642
EMEA NORTH;FRANCE;SEAT;2017-01;46819
EMEA NORTH;FRANCE;SEAT;2017-02;61817
EMEA NORTH;FRANCE;SEAT;2017-03;78414
EMEA NORTH;FRANCE;SEAT;2017-04;69945
EMEA NORTH;FRANCE;SEAT;2017-05;53173
EMEA NORTH;FRANCE;SEAT;2017-06;78878
EMEA NORTH;FRANCE;SEAT;2017-07;60188
EMEA NORTH;FRANCE;SEAT;2017-08;46053
EMEA NORTH;FRANCE;SEAT;2017-09;75231
EMEA NORTH;FRANCE;SEAT;2017-10;64988
EMEA NORTH;FRANCE;SEAT;2017-11;53598
EMEA NORTH;FRANCE;SEAT;2017-12;66533
EMEA NORTH;FRANCE;SEAT;2018-01;61123
EMEA NORTH;FRANCE;SEAT;2018-02;55428
EMEA NORTH;FRANCE;SEAT;2018-03;92285
EMEA NORTH;FRANCE;SEAT;2018-04;72875
EMEA NORTH;FRANCE;SEAT;2018-05;67476
EMEA NORTH;FRANCE;SEAT;2018-06;91380
EMEA NORTH;FRANCE;SEAT;2018-07;56391
EMEA NORTH;FRANCE;SEAT;2018-08;42799
EMEA NORTH;FRANCE;SEAT;2018-09;66761
EMEA NORTH;FRANCE;SEAT;2018-10;79053
EMEA NORTH;FRANCE;SEAT;2018-11;57534
EMEA NORTH;FRANCE;SEAT;2018-12;76152
EMEA NORTH;FRANCE;SEAT;2019-01;61261
EMEA NORTH;FRANCE;SEAT;2019-02;74013
EMEA NORTH;FRANCE;SEAT;2019-03;98013
EMEA NORTH;FRANCE;SEAT;2019-04;75733
EMEA NORTH;FRANCE;SEAT;2019-05;71766
EMEA NORTH;FRANCE;SEAT;2019-06;113938
EMEA NORTH;FRANCE;SEAT;2019-07;57654
EMEA NORTH;FRANCE;SEAT;2019-08;38967
EMEA NORTH;FRANCE;SEAT;2019-09;74343
EMEA NORTH;FRANCE;SEAT;2019-10;79938
EMEA NORTH;FRANCE;SEAT;2019-11;81864
EMEA NORTH;FRANCE;SEAT;2019-12;88141
EMEA NORTH;FRANCE;SEAT;2020-01;
EMEA NORTH;FRANCE;SEAT;2020-02;
EMEA NORTH;FRANCE;SEAT;2020-03;
EMEA NORTH;FRANCE;SEAT;2020-04;
EMEA NORTH;FRANCE;SEAT;2020-05;
EMEA NORTH;FRANCE;SEAT;2020-06;
EMEA NORTH;FRANCE;SEAT;2020-07;
EMEA NORTH;FRANCE;SEAT;2020-08;
EMEA NORTH;FRANCE;SEAT;2020-09;
EMEA NORTH;FRANCE;SEAT;2020-10;
EMEA NORTH;FRANCE;SEAT;2020-11;
EMEA NORTH;FRANCE;SEAT;2020-12;
EMEA SOUTH;SPAIN;ALFA ROMEO;2015-01;23437
EMEA SOUTH;SPAIN;ALFA ROMEO;2015-02;21968
EMEA SOUTH;SPAIN;ALFA ROMEO;2015-03;32772
EMEA SOUTH;SPAIN;ALFA ROMEO;2015-04;26128
EMEA SOUTH;SPAIN;ALFA ROMEO;2015-05;25804
EMEA SOUTH;SPAIN;ALFA ROMEO;2015-06;28620
EMEA SOUTH;SPAIN;ALFA ROMEO;2015-07;25346
EMEA SOUTH;SPAIN;ALFA ROMEO;2015-08;16708
EMEA SOUTH;SPAIN;ALFA ROMEO;2015-09;26364
EMEA SOUTH;SPAIN;ALFA ROMEO;2015-10;20177
EMEA SOUTH;SPAIN;ALFA ROMEO;2015-11;19042
EMEA SOUTH;SPAIN;ALFA ROMEO;2015-12;23400
EMEA SOUTH;SPAIN;ALFA ROMEO;2016-01;17451
EMEA SOUTH;SPAIN;ALFA ROMEO;2016-02;20400
EMEA SOUTH;SPAIN;ALFA ROMEO;2016-03;30375
EMEA SOUTH;SPAIN;ALFA ROMEO;2016-04;19820
EMEA SOUTH;SPAIN;ALFA ROMEO;2016-05;23193
EMEA SOUTH;SPAIN;ALFA ROMEO;2016-06;23239
EMEA SOUTH;SPAIN;ALFA ROMEO;2016-07;21071
EMEA SOUTH;SPAIN;ALFA ROMEO;2016-08;16383
EMEA SOUTH;SPAIN;ALFA ROMEO;2016-09;23411
EMEA SOUTH;SPAIN;ALFA ROMEO;2016-10;19161
EMEA SOUTH;SPAIN;ALFA ROMEO;2016-11;17592
EMEA SOUTH;SPAIN;ALFA ROMEO;2016-12;18960
EMEA SOUTH;SPAIN;ALFA ROMEO;2017-01;18716
EMEA SOUTH;SPAIN;ALFA ROMEO;2017-02;16527
EMEA SOUTH;SPAIN;ALFA ROMEO;2017-03;32497
EMEA SOUTH;SPAIN;ALFA ROMEO;2017-04;29898
EMEA SOUTH;SPAIN;ALFA ROMEO;2017-05;22854
EMEA SOUTH;SPAIN;ALFA ROMEO;2017-06;28822
EMEA SOUTH;SPAIN;ALFA ROMEO;2017-07;27626
EMEA SOUTH;SPAIN;ALFA ROMEO;2017-08;16233
EMEA SOUTH;SPAIN;ALFA ROMEO;2017-09;23065
EMEA SOUTH;SPAIN;ALFA ROMEO;2017-10;22810
EMEA SOUTH;SPAIN;ALFA ROMEO;2017-11;22522
EMEA SOUTH;SPAIN;ALFA ROMEO;2017-12;20642
EMEA SOUTH;SPAIN;ALFA ROMEO;2018-01;23590
EMEA SOUTH;SPAIN;ALFA ROMEO;2018-02;17941
EMEA SOUTH;SPAIN;ALFA ROMEO;2018-03;28634
EMEA SOUTH;SPAIN;ALFA ROMEO;2018-04;27053
EMEA SOUTH;SPAIN;ALFA ROMEO;2018-05;28394
EMEA SOUTH;SPAIN;ALFA ROMEO;2018-06;25678
EMEA SOUTH;SPAIN;ALFA ROMEO;2018-07;28535
EMEA SOUTH;SPAIN;ALFA ROMEO;2018-08;19135
EMEA SOUTH;SPAIN;ALFA ROMEO;2018-09;23623
EMEA SOUTH;SPAIN;ALFA ROMEO;2018-10;30373
EMEA SOUTH;SPAIN;ALFA ROMEO;2018-11;26081
EMEA SOUTH;SPAIN;ALFA ROMEO;2018-12;26374
EMEA SOUTH;SPAIN;ALFA ROMEO;2019-01;22848
EMEA SOUTH;SPAIN;ALFA ROMEO;2019-02;26269
EMEA SOUTH;SPAIN;ALFA ROMEO;2019-03;39882
EMEA SOUTH;SPAIN;ALFA ROMEO;2019-04;24061
EMEA SOUTH;SPAIN;ALFA ROMEO;2019-05;26664
EMEA SOUTH;SPAIN;ALFA ROMEO;2019-06;30346
EMEA SOUTH;SPAIN;ALFA ROMEO;2019-07;29161
EMEA SOUTH;SPAIN;ALFA ROMEO;2019-08;15217
EMEA SOUTH;SPAIN;ALFA ROMEO;2019-09;27090
EMEA SOUTH;SPAIN;ALFA ROMEO;2019-10;21131
EMEA SOUTH;SPAIN;ALFA ROMEO;2019-11;22905
EMEA SOUTH;SPAIN;ALFA ROMEO;2019-12;23408
EMEA SOUTH;SPAIN;ALFA ROMEO;2020-01;
EMEA SOUTH;SPAIN;ALFA ROMEO;2020-02;
EMEA SOUTH;SPAIN;ALFA ROMEO;2020-03;
EMEA SOUTH;SPAIN;ALFA ROMEO;2020-04;
EMEA SOUTH;SPAIN;ALFA ROMEO;2020-05;
EMEA SOUTH;SPAIN;ALFA ROMEO;2020-06;
EMEA SOUTH;SPAIN;ALFA ROMEO;2020-07;
EMEA SOUTH;SPAIN;ALFA ROMEO;2020-08;
EMEA SOUTH;SPAIN;ALFA ROMEO;2020-09;
EMEA SOUTH;SPAIN;ALFA ROMEO;2020-10;
EMEA SOUTH;SPAIN;ALFA ROMEO;2020-11;
EMEA SOUTH;SPAIN;ALFA ROMEO;2020-12;
EMEA SOUTH;ITALIA;SEAT;2015-01;10583
EMEA SOUTH;ITALIA;SEAT;2015-02;10603
EMEA SOUTH;ITALIA;SEAT;2015-03;17343
EMEA SOUTH;ITALIA;SEAT;2015-04;12657
EMEA SOUTH;ITALIA;SEAT;2015-05;13063
EMEA SOUTH;ITALIA;SEAT;2015-06;14193
EMEA SOUTH;ITALIA;SEAT;2015-07;11221
EMEA SOUTH;ITALIA;SEAT;2015-08;6553
EMEA SOUTH;ITALIA;SEAT;2015-09;11072
EMEA SOUTH;ITALIA;SEAT;2015-10;7803
EMEA SOUTH;ITALIA;SEAT;2015-11;8008
EMEA SOUTH;ITALIA;SEAT;2015-12;7522
EMEA SOUTH;ITALIA;SEAT;2016-01;8848
EMEA SOUTH;ITALIA;SEAT;2016-02;7971
EMEA SOUTH;ITALIA;SEAT;2016-03;8659
EMEA SOUTH;ITALIA;SEAT;2016-04;7545
EMEA SOUTH;ITALIA;SEAT;2016-05;8283
EMEA SOUTH;ITALIA;SEAT;2016-06;9053
EMEA SOUTH;ITALIA;SEAT;2016-07;5964
EMEA SOUTH;ITALIA;SEAT;2016-08;3675
EMEA SOUTH;ITALIA;SEAT;2016-09;6933
EMEA SOUTH;ITALIA;SEAT;2016-10;6849
EMEA SOUTH;ITALIA;SEAT;2016-11;6047
EMEA SOUTH;ITALIA;SEAT;2016-12;4525
EMEA SOUTH;ITALIA;SEAT;2017-01;5977
EMEA SOUTH;ITALIA;SEAT;2017-02;4948
EMEA SOUTH;ITALIA;SEAT;2017-03;7321
EMEA SOUTH;ITALIA;SEAT;2017-04;6147
EMEA SOUTH;ITALIA;SEAT;2017-05;5853
EMEA SOUTH;ITALIA;SEAT;2017-06;5724
EMEA SOUTH;ITALIA;SEAT;2017-07;5906
EMEA SOUTH;ITALIA;SEAT;2017-08;3058
EMEA SOUTH;ITALIA;SEAT;2017-09;6377
EMEA SOUTH;ITALIA;SEAT;2017-10;4194
EMEA SOUTH;ITALIA;SEAT;2017-11;5019
EMEA SOUTH;ITALIA;SEAT;2017-12;4476
EMEA SOUTH;ITALIA;SEAT;2018-01;4132
EMEA SOUTH;ITALIA;SEAT;2018-02;4162
EMEA SOUTH;ITALIA;SEAT;2018-03;6451
EMEA SOUTH;ITALIA;SEAT;2018-04;5882
EMEA SOUTH;ITALIA;SEAT;2018-05;6184
EMEA SOUTH;ITALIA;SEAT;2018-06;5938
EMEA SOUTH;ITALIA;SEAT;2018-07;4202
EMEA SOUTH;ITALIA;SEAT;2018-08;2214
EMEA SOUTH;ITALIA;SEAT;2018-09;4388
EMEA SOUTH;ITALIA;SEAT;2018-10;5181
EMEA SOUTH;ITALIA;SEAT;2018-11;4725
EMEA SOUTH;ITALIA;SEAT;2018-12;4264
EMEA SOUTH;ITALIA;SEAT;2019-01;3999
EMEA SOUTH;ITALIA;SEAT;2019-02;4585
EMEA SOUTH;ITALIA;SEAT;2019-03;6826
EMEA SOUTH;ITALIA;SEAT;2019-04;4473
EMEA SOUTH;ITALIA;SEAT;2019-05;4947
EMEA SOUTH;ITALIA;SEAT;2019-06;5324
EMEA SOUTH;ITALIA;SEAT;2019-07;5007
EMEA SOUTH;ITALIA;SEAT;2019-08;2376
EMEA SOUTH;ITALIA;SEAT;2019-09;4816
EMEA SOUTH;ITALIA;SEAT;2019-10;4898
EMEA SOUTH;ITALIA;SEAT;2019-11;4180
EMEA SOUTH;ITALIA;SEAT;2019-12;3546
EMEA SOUTH;ITALIA;SEAT;2020-01;
EMEA SOUTH;ITALIA;SEAT;2020-02;
EMEA SOUTH;ITALIA;SEAT;2020-03;
EMEA SOUTH;ITALIA;SEAT;2020-04;
EMEA SOUTH;ITALIA;SEAT;2020-05;
EMEA SOUTH;ITALIA;SEAT;2020-06;
EMEA SOUTH;ITALIA;SEAT;2020-07;
EMEA SOUTH;ITALIA;SEAT;2020-08;
EMEA SOUTH;ITALIA;SEAT;2020-09;
EMEA SOUTH;ITALIA;SEAT;2020-10;
EMEA SOUTH;ITALIA;SEAT;2020-11;
EMEA SOUTH;ITALIA;SEAT;2020-12;
EMEA NORTH;UK;ALFA ROMEO;2015-01;65
EMEA NORTH;UK;ALFA ROMEO;2015-02;99
EMEA NORTH;UK;ALFA ROMEO;2015-03;85
EMEA NORTH;UK;ALFA ROMEO;2015-04;76
EMEA NORTH;UK;ALFA ROMEO;2015-05;104
EMEA NORTH;UK;ALFA ROMEO;2015-06;71
EMEA NORTH;UK;ALFA ROMEO;2015-07;91
EMEA NORTH;UK;ALFA ROMEO;2015-08;67
EMEA NORTH;UK;ALFA ROMEO;2015-09;75
EMEA NORTH;UK;ALFA ROMEO;2015-10;43
EMEA NORTH;UK;ALFA ROMEO;2015-11;50
EMEA NORTH;UK;ALFA ROMEO;2015-12;88
EMEA NORTH;UK;ALFA ROMEO;2016-01;99
EMEA NORTH;UK;ALFA ROMEO;2016-02;61
EMEA NORTH;UK;ALFA ROMEO;2016-03;52
EMEA NORTH;UK;ALFA ROMEO;2016-04;39
EMEA NORTH;UK;ALFA ROMEO;2016-05;49
EMEA NORTH;UK;ALFA ROMEO;2016-06;72
EMEA NORTH;UK;ALFA ROMEO;2016-07;31
EMEA NORTH;UK;ALFA ROMEO;2016-08;22
EMEA NORTH;UK;ALFA ROMEO;2016-09;27
EMEA NORTH;UK;ALFA ROMEO;2016-10;47
EMEA NORTH;UK;ALFA ROMEO;2016-11;31
EMEA NORTH;UK;ALFA ROMEO;2016-12;45
EMEA NORTH;UK;ALFA ROMEO;2017-01;30
EMEA NORTH;UK;ALFA ROMEO;2017-02;47
EMEA NORTH;UK;ALFA ROMEO;2017-03;35
EMEA NORTH;UK;ALFA ROMEO;2017-04;53
EMEA NORTH;UK;ALFA ROMEO;2017-05;42
EMEA NORTH;UK;ALFA ROMEO;2017-06;42
EMEA NORTH;UK;ALFA ROMEO;2017-07;43
EMEA NORTH;UK;ALFA ROMEO;2017-08;25
EMEA NORTH;UK;ALFA ROMEO;2017-09;33
EMEA NORTH;UK;ALFA ROMEO;2017-10;34
EMEA NORTH;UK;ALFA ROMEO;2017-11;33
EMEA NORTH;UK;ALFA ROMEO;2017-12;48
EMEA NORTH;UK;ALFA ROMEO;2018-01;34
EMEA NORTH;UK;ALFA ROMEO;2018-02;36
EMEA NORTH;UK;ALFA ROMEO;2018-03;30
EMEA NORTH;UK;ALFA ROMEO;2018-04;42
EMEA NORTH;UK;ALFA ROMEO;2018-05;36
EMEA NORTH;UK;ALFA ROMEO;2018-06;39
EMEA NORTH;UK;ALFA ROMEO;2018-07;44
EMEA NORTH;UK;ALFA ROMEO;2018-08;56
EMEA NORTH;UK;ALFA ROMEO;2018-09;40
EMEA NORTH;UK;ALFA ROMEO;2018-10;31
EMEA NORTH;UK;ALFA ROMEO;2018-11;26
EMEA NORTH;UK;ALFA ROMEO;2018-12;48
EMEA NORTH;UK;ALFA ROMEO;2019-01;63
EMEA NORTH;UK;ALFA ROMEO;2019-02;62
EMEA NORTH;UK;ALFA ROMEO;2019-03;57
EMEA NORTH;UK;ALFA ROMEO;2019-04;50
EMEA NORTH;UK;ALFA ROMEO;2019-05;49
EMEA NORTH;UK;ALFA ROMEO;2019-06;66
EMEA NORTH;UK;ALFA ROMEO;2019-07;42
EMEA NORTH;UK;ALFA ROMEO;2019-08;61
EMEA NORTH;UK;ALFA ROMEO;2019-09;57
EMEA NORTH;UK;ALFA ROMEO;2019-10;63
EMEA NORTH;UK;ALFA ROMEO;2019-11;61
EMEA NORTH;UK;ALFA ROMEO;2019-12;92
EMEA NORTH;UK;ALFA ROMEO;2020-01;
EMEA NORTH;UK;ALFA ROMEO;2020-02;
EMEA NORTH;UK;ALFA ROMEO;2020-03;
EMEA NORTH;UK;ALFA ROMEO;2020-04;
EMEA NORTH;UK;ALFA ROMEO;2020-05;
EMEA NORTH;UK;ALFA ROMEO;2020-06;
EMEA NORTH;UK;ALFA ROMEO;2020-07;
EMEA NORTH;UK;ALFA ROMEO;2020-08;
EMEA NORTH;UK;ALFA ROMEO;2020-09;
EMEA NORTH;UK;ALFA ROMEO;2020-10;
EMEA NORTH;UK;ALFA ROMEO;2020-11;
EMEA NORTH;UK;ALFA ROMEO;2020-12;
EMEA NORTH;BELGIUM;GM;2015-01;21864
EMEA NORTH;BELGIUM;GM;2015-02;15038
EMEA NORTH;BELGIUM;GM;2015-03;29255
EMEA NORTH;BELGIUM;GM;2015-04;18679
EMEA NORTH;BELGIUM;GM;2015-05;20990
EMEA NORTH;BELGIUM;GM;2015-06;22063
EMEA NORTH;BELGIUM;GM;2015-07;19445
EMEA NORTH;BELGIUM;GM;2015-08;11129
EMEA NORTH;BELGIUM;GM;2015-09;24677
EMEA NORTH;BELGIUM;GM;2015-10;17713
EMEA NORTH;BELGIUM;GM;2015-11;19024
EMEA NORTH;BELGIUM;GM;2015-12;19568
EMEA NORTH;BELGIUM;GM;2016-01;18869
EMEA NORTH;BELGIUM;GM;2016-02;16641
EMEA NORTH;BELGIUM;GM;2016-03;27960
EMEA NORTH;BELGIUM;GM;2016-04;16591
EMEA NORTH;BELGIUM;GM;2016-05;16529
EMEA NORTH;BELGIUM;GM;2016-06;23365
EMEA NORTH;BELGIUM;GM;2016-07;15123
EMEA NORTH;BELGIUM;GM;2016-08;10344
EMEA NORTH;BELGIUM;GM;2016-09;17118
EMEA NORTH;BELGIUM;GM;2016-10;23311
EMEA NORTH;BELGIUM;GM;2016-11;20432
EMEA NORTH;BELGIUM;GM;2016-12;18429
EMEA NORTH;BELGIUM;GM;2017-01;17955
EMEA NORTH;BELGIUM;GM;2017-02;15388
EMEA NORTH;BELGIUM;GM;2017-03;21882
EMEA NORTH;BELGIUM;GM;2017-04;20842
EMEA NORTH;BELGIUM;GM;2017-05;18782
EMEA NORTH;BELGIUM;GM;2017-06;15717
EMEA NORTH;BELGIUM;GM;2017-07;16513
EMEA NORTH;BELGIUM;GM;2017-08;10203
EMEA NORTH;BELGIUM;GM;2017-09;22554
EMEA NORTH;BELGIUM;GM;2017-10;19698
EMEA NORTH;BELGIUM;GM;2017-11;19324
EMEA NORTH;BELGIUM;GM;2017-12;21887
EMEA NORTH;BELGIUM;GM;2018-01;15826
EMEA NORTH;BELGIUM;GM;2018-02;15624
EMEA NORTH;BELGIUM;GM;2018-03;23967
EMEA NORTH;BELGIUM;GM;2018-04;20651
EMEA NORTH;BELGIUM;GM;2018-05;21858
EMEA NORTH;BELGIUM;GM;2018-06;19248
EMEA NORTH;BELGIUM;GM;2018-07;21115
EMEA NORTH;BELGIUM;GM;2018-08;12055
EMEA NORTH;BELGIUM;GM;2018-09;24337
EMEA NORTH;BELGIUM;GM;2018-10;20064
EMEA NORTH;BELGIUM;GM;2018-11;21804
EMEA NORTH;BELGIUM;GM;2018-12;25859
EMEA NORTH;BELGIUM;GM;2019-01;17757
EMEA NORTH;BELGIUM;GM;2019-02;16390
EMEA NORTH;BELGIUM;GM;2019-03;25656
EMEA NORTH;BELGIUM;GM;2019-04;21315
EMEA NORTH;BELGIUM;GM;2019-05;23117
EMEA NORTH;BELGIUM;GM;2019-06;28595
EMEA NORTH;BELGIUM;GM;2019-07;20128
EMEA NORTH;BELGIUM;GM;2019-08;14214
EMEA NORTH;BELGIUM;GM;2019-09;22745
EMEA NORTH;BELGIUM;GM;2019-10;22754
EMEA NORTH;BELGIUM;GM;2019-11;26095
EMEA NORTH;BELGIUM;GM;2019-12;36762
EMEA NORTH;BELGIUM;GM;2020-01;
EMEA NORTH;BELGIUM;GM;2020-02;
EMEA NORTH;BELGIUM;GM;2020-03;
EMEA NORTH;BELGIUM;GM;2020-04;
EMEA NORTH;BELGIUM;GM;2020-05;
EMEA NORTH;BELGIUM;GM;2020-06;
EMEA NORTH;BELGIUM;GM;2020-07;
EMEA NORTH;BELGIUM;GM;2020-08;
EMEA NORTH;BELGIUM;GM;2020-09;
EMEA NORTH;BELGIUM;GM;2020-10;
EMEA NORTH;BELGIUM;GM;2020-11;
EMEA NORTH;BELGIUM;GM;2020-12;
EMEA NORTH;GERMANY;VOLVO;2015-01;2947
EMEA NORTH;GERMANY;VOLVO;2015-02;2479
EMEA NORTH;GERMANY;VOLVO;2015-03;3699
EMEA NORTH;GERMANY;VOLVO;2015-04;4248
EMEA NORTH;GERMANY;VOLVO;2015-05;4305
EMEA NORTH;GERMANY;VOLVO;2015-06;3614
EMEA NORTH;GERMANY;VOLVO;2015-07;3755
EMEA NORTH;GERMANY;VOLVO;2015-08;2081
EMEA NORTH;GERMANY;VOLVO;2015-09;3901
EMEA NORTH;GERMANY;VOLVO;2015-10;3534
EMEA NORTH;GERMANY;VOLVO;2015-11;3232
EMEA NORTH;GERMANY;VOLVO;2015-12;2750
EMEA NORTH;GERMANY;VOLVO;2016-01;3361
EMEA NORTH;GERMANY;VOLVO;2016-02;2836
EMEA NORTH;GERMANY;VOLVO;2016-03;6186
EMEA NORTH;GERMANY;VOLVO;2016-04;3907
EMEA NORTH;GERMANY;VOLVO;2016-05;4273
EMEA NORTH;GERMANY;VOLVO;2016-06;4900
EMEA NORTH;GERMANY;VOLVO;2016-07;4256
EMEA NORTH;GERMANY;VOLVO;2016-08;2471
EMEA NORTH;GERMANY;VOLVO;2016-09;3587
EMEA NORTH;GERMANY;VOLVO;2016-10;3061
EMEA NORTH;GERMANY;VOLVO;2016-11;3558
EMEA NORTH;GERMANY;VOLVO;2016-12;2986
EMEA NORTH;GERMANY;VOLVO;2017-01;3006
EMEA NORTH;GERMANY;VOLVO;2017-02;2526
EMEA NORTH;GERMANY;VOLVO;2017-03;5068
EMEA NORTH;GERMANY;VOLVO;2017-04;3973
EMEA NORTH;GERMANY;VOLVO;2017-05;3753
EMEA NORTH;GERMANY;VOLVO;2017-06;4439
EMEA NORTH;GERMANY;VOLVO;2017-07;3756
EMEA NORTH;GERMANY;VOLVO;2017-08;1899
EMEA NORTH;GERMANY;VOLVO;2017-09;4438
EMEA NORTH;GERMANY;VOLVO;2017-10;4065
EMEA NORTH;GERMANY;VOLVO;2017-11;3603
EMEA NORTH;GERMANY;VOLVO;2017-12;3227
EMEA NORTH;GERMANY;VOLVO;2018-01;3325
EMEA NORTH;GERMANY;VOLVO;2018-02;3249
EMEA NORTH;GERMANY;VOLVO;2018-03;5295
EMEA NORTH;GERMANY;VOLVO;2018-04;5225
EMEA NORTH;GERMANY;VOLVO;2018-05;6062
EMEA NORTH;GERMANY;VOLVO;2018-06;4257
EMEA NORTH;GERMANY;VOLVO;2018-07;4979
EMEA NORTH;GERMANY;VOLVO;2018-08;2677
EMEA NORTH;GERMANY;VOLVO;2018-09;4492
EMEA NORTH;GERMANY;VOLVO;2018-10;5334
EMEA NORTH;GERMANY;VOLVO;2018-11;4544
EMEA NORTH;GERMANY;VOLVO;2018-12;3761
EMEA NORTH;GERMANY;VOLVO;2019-01;5113
EMEA NORTH;GERMANY;VOLVO;2019-02;4645
EMEA NORTH;GERMANY;VOLVO;2019-03;8005
EMEA NORTH;GERMANY;VOLVO;2019-04;6047
EMEA NORTH;GERMANY;VOLVO;2019-05;6809
EMEA NORTH;GERMANY;VOLVO;2019-06;5374
EMEA NORTH;GERMANY;VOLVO;2019-07;6100
EMEA NORTH;GERMANY;VOLVO;2019-08;3553
EMEA NORTH;GERMANY;VOLVO;2019-09;6178
EMEA NORTH;GERMANY;VOLVO;2019-10;5957
EMEA NORTH;GERMANY;VOLVO;2019-11;5142
EMEA NORTH;GERMANY;VOLVO;2019-12;3285
EMEA NORTH;GERMANY;VOLVO;2020-01;
EMEA NORTH;GERMANY;VOLVO;2020-02;
EMEA NORTH;GERMANY;VOLVO;2020-03;
EMEA NORTH;GERMANY;VOLVO;2020-04;
EMEA NORTH;GERMANY;VOLVO;2020-05;
EMEA NORTH;GERMANY;VOLVO;2020-06;
EMEA NORTH;GERMANY;VOLVO;2020-07;
EMEA NORTH;GERMANY;VOLVO;2020-08;
EMEA NORTH;GERMANY;VOLVO;2020-09;
EMEA NORTH;GERMANY;VOLVO;2020-10;
EMEA NORTH;GERMANY;VOLVO;2020-11;
EMEA NORTH;GERMANY;VOLVO;2020-12;
EMEA NORTH;FRANCE;PORSCHE;2015-01;81559
EMEA NORTH;FRANCE;PORSCHE;2015-02;79967
EMEA NORTH;FRANCE;PORSCHE;2015-03;111685
EMEA NORTH;FRANCE;PORSCHE;2015-04;79334
EMEA NORTH;FRANCE;PORSCHE;2015-05;96356
EMEA NORTH;FRANCE;PORSCHE;2015-06;80444
EMEA NORTH;FRANCE;PORSCHE;2015-07;65045
EMEA NORTH;FRANCE;PORSCHE;2015-08;54323
EMEA NORTH;FRANCE;PORSCHE;2015-09;90268
EMEA NORTH;FRANCE;PORSCHE;2015-10;91477
EMEA NORTH;FRANCE;PORSCHE;2015-11;74014
EMEA NORTH;FRANCE;PORSCHE;2015-12;80409
EMEA NORTH;FRANCE;PORSCHE;2016-01;59714
EMEA NORTH;FRANCE;PORSCHE;2016-02;56130
EMEA NORTH;FRANCE;PORSCHE;2016-03;95542
EMEA NORTH;FRANCE;PORSCHE;2016-04;73025
EMEA NORTH;FRANCE;PORSCHE;2016-05;62126
EMEA NORTH;FRANCE;PORSCHE;2016-06;89691
EMEA NORTH;FRANCE;PORSCHE;2016-07;65822
EMEA NORTH;FRANCE;PORSCHE;2016-08;40125
EMEA NORTH;FRANCE;PORSCHE;2016-09;61609
EMEA NORTH;FRANCE;PORSCHE;2016-10;57526
EMEA NORTH;FRANCE;PORSCHE;2016-11;53963
EMEA NORTH;FRANCE;PORSCHE;2016-12;55795
EMEA NORTH;FRANCE;PORSCHE;2017-01;47419
EMEA NORTH;FRANCE;PORSCHE;2017-02;51373
EMEA NORTH;FRANCE;PORSCHE;2017-03;69051
EMEA NORTH;FRANCE;PORSCHE;2017-04;73582
EMEA NORTH;FRANCE;PORSCHE;2017-05;50782
EMEA NORTH;FRANCE;PORSCHE;2017-06;86845
EMEA NORTH;FRANCE;PORSCHE;2017-07;61994
EMEA NORTH;FRANCE;PORSCHE;2017-08;37982
EMEA NORTH;FRANCE;PORSCHE;2017-09;64405
EMEA NORTH;FRANCE;PORSCHE;2017-10;73038
EMEA NORTH;FRANCE;PORSCHE;2017-11;60699
EMEA NORTH;FRANCE;PORSCHE;2017-12;74027
EMEA NORTH;FRANCE;PORSCHE;2018-01;59985
EMEA NORTH;FRANCE;PORSCHE;2018-02;55473
EMEA NORTH;FRANCE;PORSCHE;2018-03;87951
EMEA NORTH;FRANCE;PORSCHE;2018-04;68117
EMEA NORTH;FRANCE;PORSCHE;2018-05;67980
EMEA NORTH;FRANCE;PORSCHE;2018-06;87157
EMEA NORTH;FRANCE;PORSCHE;2018-07;68792
EMEA NORTH;FRANCE;PORSCHE;2018-08;33933
EMEA NORTH;FRANCE;PORSCHE;2018-09;66137
EMEA NORTH;FRANCE;PORSCHE;2018-10;78548
EMEA NORTH;FRANCE;PORSCHE;2018-11;69880
EMEA NORTH;FRANCE;PORSCHE;2018-12;78456
EMEA NORTH;FRANCE;PORSCHE;2019-01;71590
EMEA NORTH;FRANCE;PORSCHE;2019-02;75531
EMEA NORTH;FRANCE;PORSCHE;2019-03;102251
EMEA NORTH;FRANCE;PORSCHE;2019-04;87101
EMEA NORTH;FRANCE;PORSCHE;2019-05;78783
EMEA NORTH;FRANCE;PORSCHE;2019-06;108918
EMEA NORTH;FRANCE;PORSCHE;2019-07;68975
EMEA NORTH;FRANCE;PORSCHE;2019-08;41337
EMEA NORTH;FRANCE;PORSCHE;2019-09;84118
EMEA NORTH;FRANCE;PORSCHE;2019-10;78070
EMEA NORTH;FRANCE;PORSCHE;2019-11;83466
EMEA NORTH;FRANCE;PORSCHE;2019-12;96131
EMEA NORTH;FRANCE;PORSCHE;2020-01;
EMEA NORTH;FRANCE;PORSCHE;2020-02;
EMEA NORTH;FRANCE;PORSCHE;2020-03;
EMEA NORTH;FRANCE;PORSCHE;2020-04;
EMEA NORTH;FRANCE;PORSCHE;2020-05;
EMEA NORTH;FRANCE;PORSCHE;2020-06;
EMEA NORTH;FRANCE;PORSCHE;2020-07;
EMEA NORTH;FRANCE;PORSCHE;2020-08;
EMEA NORTH;FRANCE;PORSCHE;2020-09;
EMEA NORTH;FRANCE;PORSCHE;2020-10;
EMEA NORTH;FRANCE;PORSCHE;2020-11;
EMEA NORTH;FRANCE;PORSCHE;2020-12;
EMEA SOUTH;SPAIN;RENAULT;2015-01;24304
EMEA SOUTH;SPAIN;RENAULT;2015-02;21039
EMEA SOUTH;SPAIN;RENAULT;2015-03;30218
EMEA SOUTH;SPAIN;RENAULT;2015-04;28261
EMEA SOUTH;SPAIN;RENAULT;2015-05;28806
EMEA SOUTH;SPAIN;RENAULT;2015-06;25041
EMEA SOUTH;SPAIN;RENAULT;2015-07;23236
EMEA SOUTH;SPAIN;RENAULT;2015-08;20167
EMEA SOUTH;SPAIN;RENAULT;2015-09;26652
EMEA SOUTH;SPAIN;RENAULT;2015-10;19639
EMEA SOUTH;SPAIN;RENAULT;2015-11;23111
EMEA SOUTH;SPAIN;RENAULT;2015-12;24012
EMEA SOUTH;SPAIN;RENAULT;2016-01;18350
EMEA SOUTH;SPAIN;RENAULT;2016-02;19208
EMEA SOUTH;SPAIN;RENAULT;2016-03;32293
EMEA SOUTH;SPAIN;RENAULT;2016-04;22551
EMEA SOUTH;SPAIN;RENAULT;2016-05;21438
EMEA SOUTH;SPAIN;RENAULT;2016-06;27208
EMEA SOUTH;SPAIN;RENAULT;2016-07;22168
EMEA SOUTH;SPAIN;RENAULT;2016-08;17205
EMEA SOUTH;SPAIN;RENAULT;2016-09;22113
EMEA SOUTH;SPAIN;RENAULT;2016-10;21705
EMEA SOUTH;SPAIN;RENAULT;2016-11;17716
EMEA SOUTH;SPAIN;RENAULT;2016-12;18095
EMEA SOUTH;SPAIN;RENAULT;2017-01;20395
EMEA SOUTH;SPAIN;RENAULT;2017-02;18452
EMEA SOUTH;SPAIN;RENAULT;2017-03;32180
EMEA SOUTH;SPAIN;RENAULT;2017-04;27167
EMEA SOUTH;SPAIN;RENAULT;2017-05;27424
EMEA SOUTH;SPAIN;RENAULT;2017-06;29967
EMEA SOUTH;SPAIN;RENAULT;2017-07;25470
EMEA SOUTH;SPAIN;RENAULT;2017-08;15641
EMEA SOUTH;SPAIN;RENAULT;2017-09;20924
EMEA SOUTH;SPAIN;RENAULT;2017-10;23879
EMEA SOUTH;SPAIN;RENAULT;2017-11;19123
EMEA SOUTH;SPAIN;RENAULT;2017-12;21128
EMEA SOUTH;SPAIN;RENAULT;2018-01;20724
EMEA SOUTH;SPAIN;RENAULT;2018-02;19058
EMEA SOUTH;SPAIN;RENAULT;2018-03;35957
EMEA SOUTH;SPAIN;RENAULT;2018-04;29900
EMEA SOUTH;SPAIN;RENAULT;2018-05;27013
EMEA SOUTH;SPAIN;RENAULT;2018-06;32889
EMEA SOUTH;SPAIN;RENAULT;2018-07;28472
EMEA SOUTH;SPAIN;RENAULT;2018-08;18865
EMEA SOUTH;SPAIN;RENAULT;2018-09;28408
EMEA SOUTH;SPAIN;RENAULT;2018-10;26711
EMEA SOUTH;SPAIN;RENAULT;2018-11;23521
EMEA SOUTH;SPAIN;RENAULT;2018-12;25875
EMEA SOUTH;SPAIN;RENAULT;2019-01;21591
EMEA SOUTH;SPAIN;RENAULT;2019-02;23902
EMEA SOUTH;SPAIN;RENAULT;2019-03;35848
EMEA SOUTH;SPAIN;RENAULT;2019-04;27132
EMEA SOUTH;SPAIN;RENAULT;2019-05;29977
EMEA SOUTH;SPAIN;RENAULT;2019-06;35601
EMEA SOUTH;SPAIN;RENAULT;2019-07;28953
EMEA SOUTH;SPAIN;RENAULT;2019-08;15464
EMEA SOUTH;SPAIN;RENAULT;2019-09;31359
EMEA SOUTH;SPAIN;RENAULT;2019-10;24491
EMEA SOUTH;SPAIN;RENAULT;2019-11;20646
EMEA SOUTH;SPAIN;RENAULT;2019-12;24641
EMEA SOUTH;SPAIN;RENAULT;2020-01;
EMEA SOUTH;SPAIN;RENAULT;2020-02;
EMEA SOUTH;SPAIN;RENAULT;2020-03;
EMEA SOUTH;SPAIN;RENAULT;2020-04;
EMEA SOUTH;SPAIN;RENAULT;2020-05;
EMEA SOUTH;SPAIN;RENAULT;2020-06;
EMEA SOUTH;SPAIN;RENAULT;2020-07;
EMEA SOUTH;SPAIN;RENAULT;2020-08;
EMEA SOUTH;SPAIN;RENAULT;2020-09;
EMEA SOUTH;SPAIN;RENAULT;2020-10;
EMEA SOUTH;SPAIN;RENAULT;2020-11;
EMEA SOUTH;SPAIN;RENAULT;2020-12;
EMEA NORTH;FRANCE;ALFA ROMEO;2015-01;60
EMEA NORTH;FRANCE;ALFA ROMEO;2015-02;115
EMEA NORTH;FRANCE;ALFA ROMEO;2015-03;81
EMEA NORTH;FRANCE;ALFA ROMEO;2015-04;70
EMEA NORTH;FRANCE;ALFA ROMEO;2015-05;104
EMEA NORTH;FRANCE;ALFA ROMEO;2015-06;66
EMEA NORTH;FRANCE;ALFA ROMEO;2015-07;92
EMEA NORTH;FRANCE;ALFA ROMEO;2015-08;69
EMEA NORTH;FRANCE;ALFA ROMEO;2015-09;79
EMEA NORTH;FRANCE;ALFA ROMEO;2015-10;50
EMEA NORTH;FRANCE;ALFA ROMEO;2015-11;49
EMEA NORTH;FRANCE;ALFA ROMEO;2015-12;88
EMEA NORTH;FRANCE;ALFA ROMEO;2016-01;103
EMEA NORTH;FRANCE;ALFA ROMEO;2016-02;52
EMEA NORTH;FRANCE;ALFA ROMEO;2016-03;63
EMEA NORTH;FRANCE;ALFA ROMEO;2016-04;37
EMEA NORTH;FRANCE;ALFA ROMEO;2016-05;54
EMEA NORTH;FRANCE;ALFA ROMEO;2016-06;66
EMEA NORTH;FRANCE;ALFA ROMEO;2016-07;35
EMEA NORTH;FRANCE;ALFA ROMEO;2016-08;22
EMEA NORTH;FRANCE;ALFA ROMEO;2016-09;25
EMEA NORTH;FRANCE;ALFA ROMEO;2016-10;43
EMEA NORTH;FRANCE;ALFA ROMEO;2016-11;33
EMEA NORTH;FRANCE;ALFA ROMEO;2016-12;50
EMEA NORTH;FRANCE;ALFA ROMEO;2017-01;32
EMEA NORTH;FRANCE;ALFA ROMEO;2017-02;36
EMEA NORTH;FRANCE;ALFA ROMEO;2017-03;39
EMEA NORTH;FRANCE;ALFA ROMEO;2017-04;55
EMEA NORTH;FRANCE;ALFA ROMEO;2017-05;39
EMEA NORTH;FRANCE;ALFA ROMEO;2017-06;41
EMEA NORTH;FRANCE;ALFA ROMEO;2017-07;43
EMEA NORTH;FRANCE;ALFA ROMEO;2017-08;22
EMEA NORTH;FRANCE;ALFA ROMEO;2017-09;36
EMEA NORTH;FRANCE;ALFA ROMEO;2017-10;34
EMEA NORTH;FRANCE;ALFA ROMEO;2017-11;29
EMEA NORTH;FRANCE;ALFA ROMEO;2017-12;44
EMEA NORTH;FRANCE;ALFA ROMEO;2018-01;35
EMEA NORTH;FRANCE;ALFA ROMEO;2018-02;35
EMEA NORTH;FRANCE;ALFA ROMEO;2018-03;33
EMEA NORTH;FRANCE;ALFA ROMEO;2018-04;38
EMEA NORTH;FRANCE;ALFA ROMEO;2018-05;40
EMEA NORTH;FRANCE;ALFA ROMEO;2018-06;41
EMEA NORTH;FRANCE;ALFA ROMEO;2018-07;53
EMEA NORTH;FRANCE;ALFA ROMEO;2018-08;58
EMEA NORTH;FRANCE;ALFA ROMEO;2018-09;42
EMEA NORTH;FRANCE;ALFA ROMEO;2018-10;28
EMEA NORTH;FRANCE;ALFA ROMEO;2018-11;27
EMEA NORTH;FRANCE;ALFA ROMEO;2018-12;43
EMEA NORTH;FRANCE;ALFA ROMEO;2019-01;50
EMEA NORTH;FRANCE;ALFA ROMEO;2019-02;58
EMEA NORTH;FRANCE;ALFA ROMEO;2019-03;46
EMEA NORTH;FRANCE;ALFA ROMEO;2019-04;41
EMEA NORTH;FRANCE;ALFA ROMEO;2019-05;43
EMEA NORTH;FRANCE;ALFA ROMEO;2019-06;61
EMEA NORTH;FRANCE;ALFA ROMEO;2019-07;39
EMEA NORTH;FRANCE;ALFA ROMEO;2019-08;61
EMEA NORTH;FRANCE;ALFA ROMEO;2019-09;47
EMEA NORTH;FRANCE;ALFA ROMEO;2019-10;77
EMEA NORTH;FRANCE;ALFA ROMEO;2019-11;57
EMEA NORTH;FRANCE;ALFA ROMEO;2019-12;93
EMEA NORTH;FRANCE;ALFA ROMEO;2020-01;
EMEA NORTH;FRANCE;ALFA ROMEO;2020-02;
EMEA NORTH;FRANCE;ALFA ROMEO;2020-03;
EMEA NORTH;FRANCE;ALFA ROMEO;2020-04;
EMEA NORTH;FRANCE;ALFA ROMEO;2020-05;
EMEA NORTH;FRANCE;ALFA ROMEO;2020-06;
EMEA NORTH;FRANCE;ALFA ROMEO;2020-07;
EMEA NORTH;FRANCE;ALFA ROMEO;2020-08;
EMEA NORTH;FRANCE;ALFA ROMEO;2020-09;
EMEA NORTH;FRANCE;ALFA ROMEO;2020-10;
EMEA NORTH;FRANCE;ALFA ROMEO;2020-11;
EMEA NORTH;FRANCE;ALFA ROMEO;2020-12;
